@inproceedings{MAOFExtAbstract,
  title={Multi-Agent Open Framework: Developing a Holistic System to Solve MAPF (Student Abstract)},
  author={Saccon, Enrico},
  booktitle={Proceedings of the International Symposium on Combinatorial Search},
  volume={16},
  number={1},
  pages={198--199},
  year={2023}
}

@inbook{ComparingMAPF,
  title={Comparing Multi-Agent Path Finding Algorithms in a Real Industrial Scenario},
  author={Saccon, Enrico and Palopoli, Luigi and Roveri, Marco},
  booktitle={AIxIA 2022--Advances in Artificial Intelligence: XXIst International Conference of the Italian Association for Artificial Intelligence, AIxIA 2022, Udine, Italy, November 28--December 2, 2022, Proceedings},
  pages={184--197},
  year={2023},
  organization={Springer},
  doi={10.1007/978-3-031-27181-6_13}
}

@article{GPUsGameChanger,
  author={Saccon, Enrico and Bevilacqua, Paolo and Fontanelli, Daniele and Frego, Marco and Palopoli, Luigi and Passerone, Roberto},
  journal={2021 IEEE 45th Annual Computers, Software, and Applications Conference (COMPSAC)}, 
  title={{Robot Motion Planning: can GPUs be a Game Changer?}}, 
  year={2021},
  volume={},
  number={},
  pages={21-30},
  doi={10.1109/COMPSAC51774.2021.00015},
}

@article{IterativeApproach,  
  author={Frego, Marco and Bevilacqua, Paolo and Saccon, Enrico and Palopoli, Luigi and Fontanelli, Daniele},  
  journal={IEEE Robotics and Automation Letters},   
  title={{An Iterative Dynamic Programming Approach to the Multipoint Markov-Dubins Problem}},
  year={2020},  
  volume={5},  
  number={2},  
  pages={2483-2490},  
  doi={10.1109/LRA.2020.2972787},
}

